2971 3638
236 243 458 293 mitibus·
483 241 828 298 existimetur,
865 240 1039 304 potius
1067 240 1338 288 lectarium
1375 236 1695 289 κλινοποιόν
1732 239 1816 286 vel
1854 240 2262 303 στιβαδοποιόν
2298 241 2608 307 significare3
2644 255 2765 290 nam

235 337 374 401 quod
407 334 566 385 Ceres
596 333 933 399 καρποποιός
963 335 1270 382 nominatur
1306 335 1551 400 quodque
1586 334 1871 395 Hymettus
1903 333 2029 403 μέλι
2065 336 2294 401 ἄριστον
2341 340 2521 389 ποιεῖν
2562 334 2765 394 dieitur,

235 458 344 494 non
381 442 599 491 omnino
655 441 826 489 simile
872 448 965 488 est.
1036 439 1314 488 Praeterea
1358 441 1577 489 nomina
1622 441 1679 488 in
1718 429 1788 494 'eZ-
1842 440 2090 491 exeuntia
2131 445 2365 494 omicron
2418 445 2473 492 in
2512 442 2803 506 composi-⁷

235 539 381 585 tione
417 538 645 585 retinent
678 535 1012 582 immutatum
1049 530 1405 596 τειχομάχης,
1441 531 1864 596 τευχοπλοίστης,
1900 532 2238 601 ἀχθοφόρος,
2276 538 2640 604 φεγγοβολεῒν
2674 544 2794 584 etc.v

237 644 399 695 quare
433 625 743 682 τεκεκτόνος
787 627 946 690 rejeci
991 626 1058 677 ad
1104 627 1297 690 Phryn.
1344 630 1457 675 678.
1506 636 1558 676 et
1602 629 1691 693 qui
1735 629 2021 694 Κουρῆτας
2065 618 2422 693 ἕλκεχίτωνας
2464 639 2769 696 acceperunt

235 723 364 779 τούς
396 724 516 787 ἕλκη
555 721 941 781 ποιοῦντας,ἓν
976 724 1090 776 τοῖς
1125 727 1239 772 τῶν
1283 721 1561 786 πολεμίων
1603 728 1827 786 χιτῶσι,
1898 740 2093 774 nomen
2136 724 2267 774 illud
2312 722 2419 774 non
2465 740 2579 774 cum
2625 725 2770 778 ἕλκος

237 820 567 882 conjunctum
607 833 718 866 esse
754 817 1035 865 voluerunt
1070 816 1162 865 sed
1199 824 1313 864 cum
1349 817 1512 865 verbo
1549 817 1694 866 Eust.
1732 821 1856 876 954,
1894 821 1973 867 54.
2042 818 2241 867 Eadem
2271 834 2418 867 -vero
2465 818 2788 868 difficultate

238 914 444 964 laborat
480 914 643 963 altera
678 912 1046 977 interpretatio
1083 909 1181 961 τὸν
1218 910 1385 960 ποίαν
1422 910 1614 975 εὐλεχῆ
1649 912 1847 974 ἔχοντα
1889 921 1941 961 et
1975 920 2248 977 praeterea
2284 913 2453 962 locum
2490 900 2767 963 herbosum

238 1009 515 1072 herbisque
552 1008 684 1055 lecto
722 1005 1003 1055 sternendo
1040 1006 1199 1068 aptis·
1224 1004 1606 1071 abundantem,
1674 1022 1827 1072 quem
1872 1007 2176 1056 Theocritus
2220 1007 2360 1074 μέγα
2404 1005 2769 1071 στιβάδεσσιν

239 1104 426 1168 ὄνειαρ
463 1110 642 1161 vocat,
713 1101 989 1150 nominare
1026 1081 1314 1163 λεχεποίην
1349 1101 1489 1150 haud
1524 1103 1744 1151 minoris
1779 1101 2094 1151 insolentiae
2138 1100 2347 1151 videtur
2381 1117 2535 1164 quam
2572 1103 2618 1150 si
2655 1103 2790 1164 quis

236 1199 531 1262 regionem,
582 1196 639 1245 in
672 1210 775 1260 qua
811 1194 1024 1245 arbores
1061 1194 1324 1257 lanigerae
1356 1197 1696 1258 proveniunt,
1741 1194 2175 1260 εἱματόδενδρον
2208 1197 2519 1245 nominaret.
2589 1195 2772 1260 Sequi-

239 1276 324 1343 tur
359 1292 504 1342 aliud
542 1306 649 1339 non
679 1290 823 1339 illius
860 1290 1219 1338 tenebricosae
1257 1289 1443 1336 aetatis
1480 1288 1572 1337 sed
1608 1291 1665 1338 in
1701 1292 1814 1339 luce
1853 1290 2246 1340 consuetudinis
2281 1293 2535 1356 positum:
2578 1290 2770 1356 Ἰκμᾷν

241 1393 467 1452 λικμᾷν,
534 1386 799 1448 Ἰκμαῒντο
837 1383 1079 1433 ἐσείοντο
1116 1383 1244 1432 Hes.
1284 1381 1642 1448 ἄνικμαίμενα
1677 1384 1846 1435 ταύτὸ
1879 1389 1952 1448 τῷ
1985 1383 2312 1449 λικμιιῖμενα·
2343 1386 2414 1442 ὥς
2457 1385 2516 1436 ἐν
2561 1387 2635 1448 τῷ
2682 1385 2771 1436 Τι-

156 1497 159 1498 ’
237 1482 381 1544 μαίῳ
439 1479 735 1534 Πλάτωνος
783 1478 981 1527 Anecd.
1018 1479 1178 1528 Bekk.
1215 1483 1331 1528 405.
1403 1478 1506 1527 Sed
1546 1479 1603 1527 in
1650 1479 1779 1529 Plat.
1816 1481 2066 1530 Tim..52.
2113 1478 2380 1544 vulgatum
2429 1489 2508 1530 est
2551 1479 2618 1529 τοὶ
2663 1480 2771 1530 ὖπό

239 1580 351 1625 τῶν
388 1573 679 1625 πλοκάνων,
711 1591 769 1623 τε
805 1571 897 1623 καὶ
943 1570 1199 1640 ὀργάνων
1244 1579 1356 1623 τῶν
1402 1569 1524 1637 περὶ
1568 1571 1666 1636 τὴν
1709 1578 1808 1623 τοῦ
1854 1573 2008 1624 σίτου
2053 1572 2334 1639 κάθαρσιν
2381 1572 2638 1638 σειόμενα
2680 1570 2771 1624 καὶ

243 1667 692 1733 ἅναλικμαίμενα,
738 1667 880 1731 quod
915 1668 1256 1717 Ruhnkenius
1292 1668 1438 1716 Auct.
1475 1668 1542 1716 ad
1577 1667 1705 1716 Hes.
1742 1669 1799 1716 T.
1838 1667 1870 1715 1.
1915 1673 2028 1717 385.
2063 1669 2306 1718 librarios
2340 1669 2588 1731 ignotiori
2624 1666 2772 1717 ἀνικ-

241 1762 469 1827 μῶμενα
503 1763 814 1826 praetulisse
850 1772 1039 1812 censet.
1111 1763 1178 1811 Et
1213 1764 1267 1810 in
1303 1761 1562 1826 Theophr.
1602 1758 1753 1811 Caus.
1786 1762 1873 1811 IV.
1912 1765 2001 1821 12,
2038 1767 2085 1812 9.
2156 1759 2501 1811 Schneiderus'
2535 1778 2630 1827 pro
2666 1765 2772 1813 λικ-

241 1860 465 1923 „eoam
513 1857 678 1906 edidit
726 1857 999 1921 ῑκμᾱσθαι
1046 1856 1203 1924 (Urb.
1258 1855 1630 1921 διικμᾰσθαι)
1684 1839 1971 1921 eodemque
2020 1857 2077 1905 in
2122 1857 2257 1906 libro
2311 1874 2349 1904 c.
2397 1860 2475 1905 16.
2527 1860 2672 1922 (ιτ.)
2725 1864 2770 1906 2.

244 1952 552 2015 ἄπικμῆσαι
598 1968 626 2000 e
664 1952 866 2001 duobus
899 1953 1037 2001 Med.
1083 1967 1177 2016 pro
1229 1949 1620 2014 ἅπολικμῆσαι,
1691 1952 1878 2014 quibus
1927 1949 2169 2000 omnibus
2214 1950 2465 2015 probatur
2509 1951 2675 2016 ἰκμᾷν
2722 1959 2773 1999 et

245 2050 442 2111 λικμᾷν
476 2045 618 2093 idem
655 2045 847 2094 valere.
917 2046 1097 2110 Neque
1133 2046 1188 2092 in
1225 2045 1322 2091 hoc
1357 2044 1520 2106 gradu
1557 2044 1789 2115 substitit
1826 2046 2064 2093 variandi
2083 2039 2270 2103 libid03
2306 2059 2426 2093 nam
2465 2045 2611 2094 codd.
2642 2060 2775 2094 non-

245 2144 375 2190 nulli
409 2143 467 2190 in
500 2140 632 2187 Plat.
668 2132 707 2185 l.
739 2156 777 2188 c.
814 2136 1234 2203 ἆναλικναίμενα
1272 2139 1526 2203 praebent
1561 2139 1959 2204 Hesychiusque
1993 2140 2158 2189 refert
2195 2137 2526 2206 Ἀφικλῶντο
2564 2137 2775 2190 α’πεσεί-

248 2254 400 2295 οντο,
432 2234 830 2298 ’Λνικλαίμενον
868 2233 1393 2297 ἀνακαθαιρόμενον
1438 2243 1490 2281 et
1536 2242 1737 2282 mutato
1772 2236 2031 2299 principio
2068 2235 2257 2298 Νικᾷν
2291 2235 2513 2297 λικμᾷν,
2567 2231 2776 2282 Νίκλον

249 2329 456 2388 λίκνον,
506 2345 725 2393 quorum
765 2338 821 2376 nt
857 2327 1113 2377 nonnulla
1146 2329 1336 2376 vitiose
1373 2329 1563 2393 scripta
1600 2330 1728 2387 sint,
1777 2328 2008 2394 undique
2044 2338 2223 2377 tamen
2257 2335 2402 2391 patet
2435 2309 2587 2390 hujus
2622 2306 2777 2376 fami-

249 2427 349 2473 liae
384 2423 724 2473 mutabilitas.
796 2421 966 2485 Caput
1011 2423 1122 2484 ejus
1161 2421 1377 2469 Guietus
1423 2422 1488 2469 ad
1522 2422 1648 2471 Hes.
1687 2440 1724 2472 s.
1764 2400 1992 2489 Λικμᾷν
2035 2436 2343 2486 cognoscere
2379 2422 2480 2470 sibi
2518 2425 2661 2471 visus
2698 2430 2779 2470 est

248 2521 307 2568 in
342 2518 617 2568 thematico
655 2517 797 2566 ι”κειν
832 2517 992 2574 icere,
1049 2517 1193 2578 cujus
1232 2515 1629 2564 similitudinem
1672 2529 1858 2580 gerunt
1900 2519 2083 2567 aoristi
2119 2515 2298 2565 δικεῖν
2335 2524 2386 2564 et
2419 2515 2600 2577 κίξαι,·
2644 2510 2779 2580 a’igo·

249 2611 412 2668 κίξαι.
482 2611 584 2659 Sed
620 2613 721 2659 alio
760 2612 919 2660 flectit
957 2610 1304 2659 Schneider-us
1351 2612 1438 2674 qui
1479 2610 1547 2658 ad
1577 2612 1835 2677 Theophr.
1881 2615 1936 2662 T.
1971 2614 2038 2661 11.
2086 2612 2200 2659 517.
2246 2611 2391 2659 illud*
2421 2616 2620 2677 λικμᾷν
2666 2613 2781 2660 sive

249 2707 422 2770 ἷκμᾷν
459 2721 571 2753 cum
610 2704 764 2767 ἰκμάς
802 2705 1010 2773 ἰκμᾶζω
1058 2715 1109 2753 et
1156 2721 1312 2769 porro
1358 2721 1471 2754 cum
1519 2689 1657 2771 1³²)ng
1706 2708 1797 2759 lix
1843 2709 2059 2772 liquor
2105 2713 2378 2770 cognatum
2422 2715 2574 2771 putat
2620 2696 2783 2755 nixus

248 2800 411 2848 verbo
449 2797 729 2861 ἰκμαίνειν
767 2815 867 2862 quo
902 2799 1162 2849 Nicander
1197 2815 1291 2863 pro
1331 2800 1597 2861 διυλίζειν
1634 2802 1745 2850 sive
1783 2799 2009 2864 διηθεῖν
2044 2806 2103 2849 ut
2136 2799 2304 2850 Schol.
2342 2802 2418 2852 ait
2449 2816 2573 2850 usus
2608 2806 2688 2849 est
2716 2800 2778 2848 *in

251 2895 398 2943 Alex.
437 2897 519 2942 96.
554 2892 764 2956 τέφραν
801 2891 994 2942 πλύνεο
1040 2893 1102 2942 τὸ
1149 2892 1210 2943 δὲ
1255 2893 1442 2959 ῥύμμα
1489 2892 1783 2959 ἷκμήνειας.
1856 2895 1930 2944 Ac
1962 2895 2265 2960 percolandi
2300 2892 2668 2958 cribrandique
2700 2886 2782 2942 ef·-

251 2984 416 3032 feetus
451 2984 592 3038 idem
632 2993 712 3031 est
746 2984 983 3046 purgatio
1021 2992 1073 3030 et
1107 2985 1266 3034 verba
1313 2986 1506 3034 similia
1538 2976 1705 3049 ἥθεῖν
1742 2994 1795 3034 et
1831 2983 2031 3048 σήθειν
2056 2982 2115 3034 fv.
2149 2979 2338 3035 Techn.
2375 2985 2455 3031 93.
2505 2975 2783 3033 exibi-ando

252 3082 427 3124 autem
472 3074 739 3123 frumenta
778 3081 1089 3137 purgantur,
1160 3089 1266 3123 non
1312 3077 1480 3124 solum
1527 3076 1809 3140 vannendo
1856 3076 1994 3125 unde
2039 3075 2263 3135 intelligi
2306 3081 2481 3137 potest
2523 3071 2782 3140 quaedam·
