2971 3638
1460 152 1547 214 12,

228 296 293 345 ab
328 293 489 358 ἤπιος
523 302 577 342 et
611 292 804 357 νήπιος
829 292 1078 343 Δἀοι-ἰνειῐιι
1111 296 1242 353 sint,
1312 293 1450 344 inter
1484 310 1618 359 quae
1644 294 1828 344 differt
1862 297 2072 380 quidem
2119 296 2318 362 aliquid
2362 297 2606 346 sed-'non
2641 298 2759 363 phu

227 406 391 455 quam,
421 390 660 463 mitia-'et
692 387 959 439 imbecilla
993 388 1212 453 differre,
1238 386 1424 447 solent.
1495 389 1827 443 Primitivum
1869 391 2033 462 igitur
2065 393 2226 463 fuerit
2255 390 2766 457 &nom-sadonem,

226 484 446 554 νήπιος,
517 484 658 550 quod
691 492 897 535 veteres
934 499 1001 534 ex
1035 485 1290 550 particula
1323 484 1398 547 νή
1429 493 1482 536 et
1514 483 1677 553 yerbo
1714 481 1889 537 εἰπεῖν
1933 486 2213 539 conflatum
2258 487 2438 539 <licant
2477 485 2631 551 quasi
2668 472 2766 539 iifl.

227 582 257 630 f
262 597 399 639 aus,
468 573 673 626 et'hinc
706 580 1103 643 proficiscuntur
1136 575 1445 642 νηπεδανός
1490 559 1546 626 Gt
1580 577 1865 641 νηπύτιος,
1935 579 2081 648 quod
2110 582 2193 629 illi
2233 584 2431 647 pariter
2474 579 2760 643 syntheton
2840 644 2846 650 ,

228 677 429 724 faciunt
464 689 530 721 ex
565 673 748 721 eadem
784 676 1039 738 particula
1084 683 1137 721 et
1180 672 1382 727 πνυτός
1427 680 1745 722 contextuun.
1815 673 2003 737 Ellipsi
2045 673 2362 728 adscribitur*
2399 673 2608 740 ἥδυμος
2649 669 2773 723 ἀπδ-

228 774 329 820 τοῦ
363 768 608 833 νήδυμος
639 767 755 816 ΕΜ.
790 771 918 827 420,
953 772 1035 816 47.
1072 784 1225 832 quem
1263 777 1499 832 apertum
1546 776 1626 817 est
1660 767 1981 835 homericum
2018 764 2266 830 νήδυμος
2296 784 2391 832 pro
2426 772 2630 833 integro
2665 769 2759 818 ba-

227 866 429 924 buisse,
452 854 635 927 'neque
671 862 826 912 aliter
860 863 1026 912 sensit
1062 863 1374 913 Posidonius
1409 860 1766 928 μεμφόμενος
1798 866 1873 925 τῷ
1909 859 2164 924 Ἡσιόδῳ,
2193 846 2759 931 αἱξπαραφθείραντί

227 977 379 1012 τινας
410 961 523 1008 ταῖν
567 955 821 1022 Ὀμήρου
851 957 1045 1013 λέξεων
1090 956 1189 1007 τὸν
1232 957 1486 1024 νήδυμον
1530 956 1750 1022 ἥδυμον
1795 954 2021 1007 εἰπόντι.
2088 956 2143 1007 Is
2170 957 2345 1020 ‘igitur
2387 967 2636 1022 sequutus
2680 965 2794 1013 cst,

226 1054 513 1104 Aristarchi
557 1054 875 1104 sententiam
919 1051 1182 1117 νήδυμον,
1216 1052 1397 1104 ὕπνον
1440 1054 1731 1117 significare
1774 1052 1873 1103 τᾶν
1921 1051 2238 1103 ἀνέκδοτον.
2308 1052 2372 1103 Id
2417 1067 2544 1103 vero,
2588 1053 2759 1117 dupli-

227 1176 336 1208 cem
373 1159 533 1208 habet
567 1159 953 1220 difficultatem;
996 1143 1119 1209 nam
1157 1176 1189 1210 a
1223 1162 1385 1210 verbo
1424 1159 1540 1210 δύω
1578 1169 1630 1208 et
1662 1161 1906 1209 similiter
1939 1160 2235 1209 terminatis
2271 1157 2619 1228 adjectivasin
2651 1145 2761 1222 ’,ιῖὃὲ

227 1255 465 1302 derivare
503 1253 715 1303 Graecis
749 1255 1021 1303 insolitum
1060 1262 1139 1303 est
1162 1255 1213 1321 ⁹)
1256 1264 1308 1303 et
1343 1256 1387 1304 si
1423 1255 1544 1303 hinc
1578 1253 1906 1302 derivassent
1947 1251 2217 1317 νήδυμος,
2270 1251 2569 1316 ambiguum
2603 1250 2760 1302 fecis—
2814 1319 2821 1326 ³

227 1327 357 1396 sent*
378 1354 552 1396 utrum
589 1345 892 1397 ἀνέκδυτον
927 1361 995 1395 an
1033 1344 1338 1397 α’νένδυτον
1372 1347 1597 1409 intelligi
1631 1346 1843 1396 vellent.
1905 1346 2091 1410 Itaque
2125 1345 2544 1409 hucredigimur
2577 1346 2758 1410 primi·

226 1443 392 1489 tivum
430 1457 542 1489 esse
576 1438 786 1504 ἥδυμος
822 1437 928 1489 ἀπὸ
965 1444 1065 1489 τοῦ
1099 1440 1237 1504 ἡδύς
1281 1450 1338 1490 ut
1371 1443 1429 1490 in
1464 1442 1581 1490 EM.
1627 1443 1660 1490 1.
1697 1459 1737 1490 c.
1782 1441 2016 1500 additur,
2084 1457 2255 1506 neque
2300 1442 2453 1490 aliter
2498 1441 2757 1506 accepisse

222 1534 545 1594 Hesiodum,
615 1535 944 1584 Simonidem
981 1545 1034 1583 et
1069 1537 1467 1595 Antimachum,
1538 1537 1629 1600 qui
1662 1537 1761 1585 hoc
1797 1537 2061 1585 homerico
2095 1531 2341 1599 νήδυμοέ
2376 1536 2756 1585 substituerunt

225 1630 356 1685 ἴσως
402 1627 488 1679 ὅτι
532 1628 802 1693 ἐνόμισαν
840 1628 946 1679 ἀπὸ
994 1635 1094 1680 τοῦ
1129 1628 1266 1691 ἡδύς
1301 1628 1447 1680 εἶναι
1492 1629 1827 1698 παραγωγὸν
1861 1629 1924 1679 τὸ
1965 1629 2179 1694 ,ἥδυμος
2213 1627 2424 1678 Sch.‘11.
2461 1631 2530 1679 11.
2567 1636 2613 1683 2.
2657 1631 2756 1678 etsi

225 1737 424 1785 nullum
471 1735 614 1785 aliud
659 1735 976 1797 adjectivum
1021 1737 1078 1783 in
1109 1722 1182 1789 ''ng
1224 1736 1324 1784 huc
1365 1737 1661 1784 inflectitur.
1743 1732 1903 1800 Ὀρύη
1946 1737 2190 1799 legumen
2244 1745 2298 1784 et
2348 1736 2519 1803 νορύη
2575 1738 2756 1801 planta

226 1845 349 1879 num
410 1844 512 1893 qua
568 1831 823 1879 affinitate
872 1829 1114 1893 copulata
1165 1832 1293 1890 sint,
1370 1833 1615 1903 ignotum·
1660 1836 1753 1878 est.
1834 1825 2141 1893 Ἐνιόπηται
2189 1829 2585 1896 τεταπείνωται
2627 1829 2755 1880 Hes.

224 1940 332 1973 non
368 1925 558 1973 certius
603 1933 682 1972 est
725 1939 881 1988 quam
928 1916 1250 1988 ἅπεδήμηκα
1295 1935 1347 1974 et
1392 1924 1814 1989 ἐπαττοίλευμαι,
1885 1939 2018 1987 quae
2063 1923 2477 1974 Grammaticie
2519 1923 2757 1973 Comicu-

221 2035 335 2068 rum
385 2020 592 2082 scriptis
639 2019 877 2066 afferunt.
962 2017 1197 2082 Ἐνίηλος
1243 2017 1469 2083 ἀνόητος
1513 2022 1558 2068 si
1604 2020 1672 2068 ad
1695 2017 1952 2081 ,νενίηλος
1998 2026 2051 2065 et
2091 2018 2157 2067 ad
2202 2017 2386 2073 Νενός
2430 2016 2633 2083 εὐήθης
2674 2035 2755 2068 re·

222 2114 468 2174 ferimus,
511 2112 690 2161 mendi
727 2114 1078 2178 suspicionem
1116 2121 1295 2162 movet
1329 2115 1421 2164 sed
1458 2130 1525 2163 ex
1559 2115 1752 2163 usitato
1788 2110 1962 2172 ἓνεός,
1998 2111 2139 2177 quod
2174 2110 2392 2178 ἄφωνος
2426 2112 2609 2179 κωφός
2642 2130 2755 2178 μω-

226 2206 317 2271 ρός
353 2209 662 2272 exponitur,
699 2209 873 2271 colligi
908 2216 1084 2272 potest
1118 2223 1402 2258 consonam
1439 2210 1593 2272 hujus
1630 2208 1865 2256 familiae
1897 2207 2147 2256 mobilem
2184 2208 2363 2257 fuisse.
2433 2206 2587 2267 Quod
2623 2208 2754 2258 Bek-

223 2303 376 2351 kerus
412 2303 469 2350 in
506 2301 701 2350 Anecd.
740 2303 886 2350 1197.
922 2288 1061 2350 inter
1094 2302 1239 2351 lexes
1274 2303 1534 2352 miscellas
1570 2302 1737 2350 edidit
1773 2299 2002 2365 Εἰρίνας
2035 2300 2310 2366 νεραΐδες,
2362 2302 2515 2350 nobis
2550 2303 2608 2349 in
2643 2318 2755 2350 me-

224 2398 444 2445 moriam
479 2395 672 2458 redigit
704 2394 786 2442 Jo.
809 2394 1141 2444 Canabutzae
1161 2398 1331 2445 locum
1368 2413 1399 2446 a
1421 2398 1508 2445 Du
1524 2396 1722 2460 Gangio
1741 2398 1958 2445 allatum
1979 2395 2075 2450 τοὶς
2101 2396 2392 2461 Νηρηΐδας
2422 2395 2480 2445 αἱ
2502 2399 2756 2462 γυναῖκες

222 2489 673 2556 βαρβαρίζουσαι
702 2487 994 2556 Ἐραγίδας
1011 2494 1261 2547 καλοῦσι,
1299 2506 1421 2539 nam
1440 2491 1532 2538 illo
1551 2492 1765 2539 nomine
1796 2491 1907 2538 veri
1936 2491 2108 2538 simile
2146 2498 2225 2539 est
2243 2489 2527 2558 Νηρηίνας
2556 2491 2756 2554 signifi·

224 2597 355 2654 cari,
390 2611 517 2659 quas
554 2595 700 2660 plebs
736 2596 976 2659 graecula
1013 2593 1321 2663 ναγαρίδας
1357 2604 1410 2644 et
1442 2596 1666 2662 νερὶδας
1701 2584 2158 2646 transnominavit.
2200 2624 2272 2635 —
2312 2595 2489 2646 Litera
2520 2585 2753 2659 {neque

221 2705 376 2739 suum
412 2690 583 2738 locum
620 2690 828 2750 deserit,
863 2706 1035 2755 neque
1071 2692 1303 2740 alienum
1338 2697 1568 2756 occupat.
1909 2691 1911 2693 ’

360 2784 454 2834 ΧΙ.
490 2784 609 2834 XII.
682 2782 885 2855 Ἀπφῦς
930 2785 963 2835 o‘
1008 2784 1184 2849 πατὴρ
1237 2785 1451 2850 εἴρηται
1492 2784 1924 2849 ὑποκοριστικῶς
1970 2783 2076 2836 α’πὸ
2120 2787 2221 2835 τοῦ
2265 2784 2418 2836 ἄππα
2465 2781 2754 2849 ἀφαιρέσει

219 2895 318 2940 τοῦ
354 2908 393 2939 π
428 2865 522 2938 καὶ
555 2892 731 2949 τροπῇ
761 2894 860 2939 τοῦ
893 2876 942 2940 ἦ·
968 2891 1042 2945 εἰς
1078 2879 1124 2954 ᾗ
1166 2892 1282 2940 ΕΜ.
1322 2895 1446 2949 133,
1482 2895 1561 2937 53.
1631 2892 1715 2938 De
1750 2892 1847 2938 hoc
1879 2892 2020 2948 idem
2057 2893 2199 2938 valet
2245 2891 2388 2955 quod
2417 2890 2574 2952 paulo
2608 2890 2752 2952 prius

222 2984 286 3030 de
323 2983 480 3046 ἅμμα
516 2991 570 3029 et
599 2981 801 3046 μα’μμη
852 2977 1080 3033 diximus
1126 2995 1180 3033 et
1223 2986 1290 3034 de
1335 2985 1579 3032 omnibus
1627 2985 1928 3047 hujusmodi
1970 2986 2186 3033 vocibus
2232 2983 2393 3040 ἄττα,
2461 2985 2599 3030 τατᾶ
2644 2990 2755 3030 tata

357 3133 421 3195 9)
450 3133 708 3194 Σπόριμος,
738 3135 921 3191 κύδιμος
949 3141 995 3183 et
1023 3138 1080 3182 al.
1110 3150 1225 3195 quae
1252 3137 1442 3184 Stollius
1472 3140 1603 3182 affert
1627 3138 1684 3183 ad
1716 3139 1878 3182 Antim.
1907 3151 1950 3194 p.
1976 3139 2048 3182 97.
2077 3137 2223 3181 aliena
2247 3139 2362 3179 sunt.

2913 2942 2971 2986 μ’
