2971 3638
1426 205 1467 266 6
2699 202 2722 209 ,

184 346 315 395 illud
348 347 615 412 antiquius
651 353 730 396 est
764 353 816 395 et
850 347 1177 411 frequentius
1214 362 1308 396 nec
1343 355 1521 395 tamen
1557 345 1881 410 primitivum
1929 363 2042 396 esse
2087 350 2443 401 contenderim
2488 355 2571 400 vel
2616 355 2709 401 hu-
2752 328 2759 335 Ι

177 443 263 503 jus
300 441 549 503 adjectivi
584 442 668 489 vel
703 450 989 489 ceterorum
1029 443 1217 507 quibus
1253 456 1472 503 corpora
1507 441 1776 488 incurvata
1807 446 1875 492 et.
1894 455 2108 491 recurva
2128 444 2507 506 significantur:
2537 445 2709 509 ύβούς

184 533 278 585 καὶ
323 534 530 599 κυφούς
576 535 937 600 Ἱπποκράτης
983 533 1246 596 ὀνομάζει
1293 529 1386 586 οὕς
1431 532 1627 587 πάντες
1671 531 1724 582 οἱ
1768 537 1872 581 νῦν
1917 532 2210 599 ἄνθρωποι
2253 538 2709 607 προςαγορεύουσι

186 627 439 691 κυρτούς·
477 632 550 688 τῷ
577 627 678 690 μὲν
716 625 817 676 οὖν
853 632 1026 691 νυρτῴ
1061 628 1122 677 ‘cd
1160 632 1345 677 κοῖλον
1384 626 1769 691 ἀντικειμένως
1803 625 2038 692 λέγεται,
2073 632 2146 688 τῷ
2180 629 2300 692 ὑβῴ
2337 631 2400 680 δε
2434 632 2525 683 καί
2558 639 2708 699 κυφῷ

187 724 248 770 τὸ
289 720 491 785 λορδόν
528 721 708 767 Galen.
747 722 947 770 Comm.
986 725 1039 769 in
1081 721 1271 783 Aphor.
1309 723 1389 767 46.
1430 737 1475 782 p.
1517 725 1593 769 74.
1631 723 1687 770 Τ.
1723 720 1915 770 xvlu.
1963 720 2093 768 P.·1.
2137 723 2228 770 sed
2274 724 2465 789 λορδός
2509 742 2708 791 quoque

186 815 449 864 interdum
489 830 594 863 non
631 817 918 878 repandum
959 816 1048 864 sed
1079 817 1348 862 incurvum
1372 816 1640 877 significat.
1714 815 1831 862 Alia
1850 813 2103 877 quaedam
2128 794 2500 883 Glossograpbi
2521 822 2712 869 omissa

188 911 475 960 affectionis
513 908 874 972 designatione
911 910 1223 958 retulerunt:
1271 907 1420 971 Ἰχλα
1455 909 1488 972 ἦ
1525 907 1684 971 κίχλα
1721 906 1863 957 Suid.
1894 908 2002 956 >nisi
2039 909 2139 956 illo
2185 913 2401 960 nomine
2437 916 2607 977 potius
2637 909 2713 962 >si-

188 1008 457 1070 gnificatur
493 1005 690 1067 species
729 1004 865 1052 turdi
905 1019 1037 1068 quae
1085 1001 1243 1051 etiam
1298 1000 1443 1059 ἰλλοῖς
1495 1011 1548 1051 et
1600 1002 1759 1059 τυλάς
1810 1010 2074 1062 vocatum>
2114 1000 2369 1070 Κόγχναι
2413 1007 2469 1056 αἱ
2516 1007 2711 1076 ὄγχναι

189 1101 310 1149 Hes.
350 1099 594 1160 idemque
637 1097 877 1160 Ἰνύρετο
916 1097 1142 1163 ἓμύρετο
1181 1098 1233 1146 id
1273 1108 1353 1146 est
1385 1097 1646 1163 μινύρετο
1684 1097 1768 1147 vel
1803 1096 2079 1160 κινύρετο,
2118 1100 2258 1160 quod
2291 1102 2462 1164 ipsum
2498 1103 2712 1152 Vossius

189 1196 285 1241 hoc
322 1195 433 1239 loco
472 1192 851 1239 restituendum
893 1202 1057 1256 putat,
1095 1210 1190 1240 nec
1225 1196 1572 1256 suspicionem
1613 1193 1901 1253 effugerunt
1930 1190 2197 1253 Ἠληθμός
2233 1195 2524 1259 κηληθμός,
2559 1199 2712 1247 Ἠλυν

187 1285 663 1348 κατακεκαυμένον
699 1287 927 1352 λαγνόν,
983 1290 1062 1334 cui
1101 1289 1336 1335 Reiskius
1373 1293 1536 1348 κῆλον
1579 1284 1805 1350 (κηλόν)
1850 1285 2117 1332 substituit
2153 1288 2371 1337 alterum
2405 1292 2712 1354 interpreta-

188 1389 418 1429 mentum
459 1359 524 1427 ad
561 1379 739 1443 κήλων
774 1381 1008 1429 referens
1030 1381 1097 1446 ⁴).
1171 1380 1299 1429 Cum
1337 1379 1513 1444 Κηλός
1562 1378 1716 1445 ξηρός
1762 1387 2051 1442 congruunt
2086 1380 2371 1442 Καυαλέον
2412 1384 2447 1445 ἤ
2491 1386 2714 1439 καυαλές

184 1474 244 1522 τὸ
282 1475 758 1536 κατακεκαυμένον
793 1473 1040 1537 καπυρόν
1079 1472 1243 1537 ξηρόν
1279 1483 1330 1521 et
1365 1474 1662 1539 καγκαλέον
1698 1475 1807 1522 sive
1843 1452 2136 1538 κάγκανον,
2174 1489 2305 1537 quae
2341 1476 2523 1526 eodem
2559 1480 2713 1527 modo

186 1571 580 1632 interpretatur,
654 1583 821 1631 neque
856 1566 999 1615 aliud
1047 1569 1187 1615 valet
1225 1565 1471 1625 αὐαλέος,
1543 1567 1683 1630 quod
1728 1566 1794 1615 ad
1842 1564 1970 1615 ἀλέα
2015 1567 2196 1614 calor
2240 1569 2457 1617 inclinat
2496 1572 2713 1634 ipsaque

187 1662 348 1710 verba
382 1661 463 1709 his
501 1663 888 1724 praecurrentia
923 1662 1061 1710 καίω
1100 1671 1151 1710 et
1188 1663 1301 1711 αὔω
1340 1664 1438 1710 etsi
1474 1676 1740 1725 nunquam
1778 1663 1917 1708 inter
1951 1676 2006 1708 se
2043 1665 2350 1710 commutari
2389 1662 2605 1726 possunt
2639 1675 2713 1713 ta-

191 1773 309 1805 men
361 1756 606 1804 hactenus
660 1757 942 1804 cohaerent
987 1757 1125 1819 quod
1165 1758 1329 1804 altero
1384 1754 1696 1804 antecedens
1743 1755 2087 1817 significatur,
2159 1756 2323 1804 altero
2378 1772 2713 1821 consequens.

191 1843 501 1899 Camarinae
538 1867 731 1899 nomen
766 1851 1109 1915 probabiliter
1157 1867 1186 1900 a
1223 1851 1489 1900 canalibus
1539 1848 1775 1913 ἀμάραις
1817 1851 2070 1914 repetitur
2113 1865 2246 1913 quae
2293 1865 2449 1915 saepe
2493 1852 2716 1902 fornica-

189 1955 272 1994 tae
309 1953 432 1993 sunt
468 1952 525 1992 ut
561 1942 806 2007 καμάραι
842 1960 888 1991 v.
930 1945 1082 1992 Proll.
1121 1950 1234 1992 223.
1273 1951 1471 1993 et·255.
1510 1943 1668 1998 Κίλιξ
1711 1944 1845 2007 βοῦς
1879 1941 1942 1991 τό
1977 1943 2036 1990 ἕν
2071 1942 2228 2006 κέρας
2265 1942 2714 2008 ἀπεστραμμένον

190 2041 331 2102 ἔχων
370 2039 495 2087 Hes.
544 2038 609 2087 ad
659 2038 767 2095 ἕλιξ
812 2040 999 2087 referri
1045 2049 1242 2103 potest,
1309 2039 1482 2095 ’Ῑσκός
1526 2039 1745 2103 κλέπτης
1790 2039 1856 2087 ad
1901 2036 2144 2101 κιξάλλης
2167 2040 2238 2100 ⁶).
2306 2038 2712 2089 Similitudinem

192 2135 464 2183 verborum
502 2133 675 2194 κλύζω
714 2133 857 2183 λούω
897 2135 1011 2181 cluo
1049 2134 1136 2182 luo
1163 2135 1211 2199 ⁶)
1258 2135 1607 2184 animadverti
1643 2135 1695 2182 in
1735 2133 1922 2182 Techn.
1968 2125 2019 2196 Ρ.
2055 2136 2133 2181 87.
2198 2131 2368 2181 Ἰέναι
2403 2142 2454 2182 et
2487 2137 2627 2186 κίειν
2661 2146 2717 2185 ut

190 2232 325 2277 inter
360 2245 415 2276 se
453 2243 691 2276 connexa
726 2228 995 2286 videntur,
1065 2229 1137 2276 ita
1177 2229 1273 2276 hoc
1309 2245 1421 2276 cum
1460 2227 1711 2290 κιχάνειν
1748 2228 1991 2276 convenit
2026 2242 2071 2274 v.
2109 2226 2176 2274 ad
2215 2227 2401 2276 Buttm.
2440 2231 2551 2277 218.
2587 2230 2715 2279 Mei-

191 2324 305 2370 nek.
356 2324 469 2370 Del.
517 2325 599 2375 91,
671 2324 736 2369 Et
771 2321 1071 2382 hujusmodi
1111 2323 1367 2387 exemplis
1421 2323 1722 2371 defenditur
1772 2323 1928 2369 etiam
1983 2319 2280 2385 Κάνθαρος
2332 2320 2545 2386 ἄνθραξ
2591 2323 2714 2372 Hes.

193 2418 293 2465 nisi
328 2418 539 2465 diversa
571 2424 650 2463 est
686 2417 891 2479 utrique
929 2417 1097 2477 origo,
1153 2417 1231 2463 illi
1267 2433 1296 2464 a
1333 2417 1497 2473 καίω,
1550 2417 1688 2465 unde
1734 2416 1922 2464 carbo
1969 2415 2177 2463 ductum
2214 2424 2446 2477 putatur,
2500 2417 2616 2487 huic
2652 2419 2714 2466 ab

195 2510 356 2560 αι’θω.
423 2509 639 2572 Κοίρνος
673 2508 932 2573 βόσκημα
969 2508 1254 2573 πρόβατον
1295 2511 1418 2559 Hes.
1457 2513 1745 2575 suspicatus
1783 2526 1895 2558 sum
1935 2493 2067 2556 nihil
2104 2509 2247 2556 aliud
2285 2526 2396 2558 esse
2433 2527 2586 2574 quam
2626 2511 2716 2574 ἄρ-

192 2605 310 2659 νός,
348 2603 484 2665 ἄρνα
523 2606 676 2652 Proll.
714 2622 760 2669 p.
804 2608 882 2656 74.
920 2620 1089 2667 neque
1126 2604 1473 2672 improbabile
1509 2604 1715 2653 videtur
1748 2603 2047 2668 Apollinem
2082 2604 2359 2666 Καρνεῖον
2396 2605 2495 2680 dici
2532 2621 2562 2653 a
2596 2621 2716 2655 cura

198 2752 467 2758 —-———-
476 2752 751 2760 -ω

332 2835 398 2896 4]
428 2838 705 2882 Manifestius
734 2846 918 2895 peccant
936 2840 1176 2900 ’Ένανδρον
1205 2842 1331 2886 κενὸν
1359 2843 1553 2902 ἀνδρῶν,
1574 2841 1713 2901 ’Ἁρυα
1744 2840 1802 2884 τὰ
1829 2842 2129 2901 ἡρακλεωτικα
2155 2850 2308 2901 κάρυα.

329 2903 398 2966 5]
431 2904 587 2962 Κιψόν
612 2905 766 2951 κισσόν
793 2909 1018 2954 Albertius
1053 2915 1208 2954 natura
1245 2912 1384 2970 idem,
1433 2912 1623 2955 dialecto
1658 2911 1879 2955 diversum
1917 2924 2025 2958 esse
2060 2915 2186 2969 putat
2224 2915 2286 2960 et⁴
2305 2909 2364 2960 ad
2403 2912 2541 2963 ῑμψαι
2572 2910 2617 2954 id
2644 2917 2717 2956 est

188 2976 309 3032 ἅψαι
338 2976 493 3019 refert.
553 2976 670 3020 ldem
700 2977 755 3020 de
785 2975 909 3030 ἅόδιξ
939 2983 985 3022 et
1014 2977 1219 3036 κάδὸιχος
1246 2981 1503 3034 suspicatur.
1561 2982 1709 3036 Λῶμα
1744 2978 1866 3040 ῥαφή
1902 2979 2103 3037 κλωσμός
2130 2980 2322 3023 fortasse
2351 2990 2378 3020 a
2406 2974 2580 3021 κλώθω.
2637 2974 2718 3024 Εὖ·

192 3061 237 3088 τε
263 3060 316 3100 με
348 3042 504 3099 θυμὸς
530 3043 731 3106 κορθύσῃ
760 3045 916 3103 Hymn.
947 3048 991 3089 in
1022 3045 1126 3091 Isin.
1158 3061 1201 3090 v.
1231 3051 1299 3092 60.
1330 3048 1445 3092 idem
1483 3053 1554 3092 est
1580 3048 1696 3104 quod
1724 3046 1925 3110 ὀροθύνῃ
1972 3054 2018 3093 et
2051 3048 2224 3106 κόρθυς
2267 3057 2454 3090 acervus
2480 3046 2540 3090 ad
2573 3047 2718 3106 ὀρθός

187 3113 407 3159 convenit.

325 3179 387 3240 6)
414 3182 500 3226 His
529 3181 721 3226 conferri
748 3187 933 3240 possunt
958 3182 1124 3241 ἁρνεύω
1154 3197 1333 3243 cernuo,
1364 3192 1493 3229 κνῖσα
1520 3185 1660 3242 nidor,
1688 3183 1825 3239 ἠλύγη
1855 3185 2017 3242 caligo>
2045 3179 2241 3241 κόλαφος
2270 3182 2421 3242 alapa,
2452 3181 2543 3243 ὥρα
2569 3197 2686 3229 cura·
